	
	% Some general examples of bibliography entries


@online{ref:Investing,
    author = "",
    title = "Investing.com - Stock Market Quotes & Financial News",
    url  = "https://www.investing.com/",
    addendum = "(accessed: 2021-05-25)",
    keywords = ""
}

	@book{Hellerstein2004,
		author = {Hellerstein, Joseph L. and Diao, Yixin and Parekh, Sujay and Tilbury, Dawn M.},
		title = {Feedback Control of Computing Systems},
		year = {2004},
		isbn = {047126637X},
		publisher = {John Wiley \& Sons},
	} 
	
	@inproceedings{Yun2015,
		author = {Yun, Se-Young and Proutiere, Alexandre},
		title = {Distributed Proportional Fair Load Balancing in Heterogenous Systems},
		booktitle = {Proceedings of the 2015 ACM SIGMETRICS International Conference on Measurement and Modeling of Computer Systems},
		series = {SIGMETRICS '15},
		year = {2015},
		isbn = {978-1-4503-3486-0},
		location = {Portland, Oregon, USA},
		pages = {17--30},
		numpages = {14},
		doi = {10.1145/2745844.2745861},
		acmid = {2745861},
		publisher = {ACM},
		address = {New York, NY, USA},
		keywords = {distributed scheduling, game theory, load balancing, stability},
	}
	
	@article{openclosed2,
		author = {Alomari, Firas and Menasce, Daniel A.},
		title = {Efficient Response Time Approximations for Multiclass Fork and Join Queues in Open and Closed Queuing Networks},
		journal = {IEEE Trans. Parallel Distrib. Syst.},
		issue_date = {June 2014},
		volume = {25},
		number = {6},
		month = jun,
		year = {2014},
		issn = {1045-9219},
		pages = {1437--1446},
		numpages = {10},
		doi = {10.1109/TPDS.2013.70},
		acmid = {2707624},
		publisher = {IEEE Press},
		address = {Piscataway, NJ, USA},
	}
	
	% Useful latex references
	@article{bengan,
		author = {Boyd, S., Busseti, E., Diamond, S., Kahn, R. N., Koh, K., Nystrup, P. and Speth, J.},
		title = {Multi-period trading via convex optimization},
		journaltitle = {Foundations and Trends in Optimization},
		date = {2017},
		volume = {3},
		number = {1},
	}
		@article{Boyd,
    author =       "{Boyd, S., Busseti, E., Diamond, S., Kahn, R. N., Koh, K., Nystrup, P. and Speth, J.}",
    title =        "Multi-period trading via convex optimization",
    journal =      "Foundations and Trends in Optimization",
    volume =       "3",
    number =       "1",
    pages =        "1-76",
    year =         "2017",
    DOI =          "https://stanford.edu/~boyd/papers/pdf/cvx_portfolio.pdf"
}
    @online{ref:ema,
    author = "Adam Hayes",
    title = "Exponential Moving Average (EMA)",
    url  = "https://www.investopedia.com/terms/e/ema.asp",
    addendum = "(accessed: 2021-05-05)",
    keywords = "EMA, moving average"
}

    @online{ref:SMAEMA,
    author = "",
    title = "Simple vs. Exponential Moving Averages: What's the Difference?",
    url  = "https://www.investopedia.com/articles/trading/10/simple-exponential-moving-averages-compare.asp",
    addendum = "(accessed: 2021-05-25)",
    keywords = "SMA,EMA, moving average"
}

	
 @online{ref:sharpe,
    author = "Jason Fernando",
    title = "Sharpe Ratio",
    url  = "https://www.investopedia.com/terms/s/sharperatio.asp",
    addendum = "(accessed: 2021-05-03)",
    keywords = "SR, Sharpe Ratio"
}
@online{covar,
    author = "Caroline Banton",
    title = "Calculating Covariance for Stocks",
    url  = "https://www.investopedia.com/articles/financial-theory/11/calculating-covariance.asp",
    addendum = "(accessed: 2021-05-03)",
    keywords = "covariance, cov"
}
@article{Ledoit_Wolf,
    author =       "{Olivier Ledoit, Michael Wolf}",
    title =        "A well-conditioned estimator for large-dimensional covariance matrices",
    journal =      "Journal of Multivariate Analysis",
    year = 2004,
    URL =          "http://perso.ens-lyon.fr/patrick.flandrin/LedoitWolf_JMA2004.pdf"
}

@article{ref:Bayesian,
    author =       "{Peter I. Frazier}",
    title =        "A Tutorial on Bayesian Optimization",
    journal =      "",
    year = 2018,
    URL =          "https://arxiv.org/pdf/1807.02811.pdf"
}

@online{ref:ema,
    author = "Adam Hayes",
    title = "Exponential Moving Average (EMA)",
    url  = "https://www.investopedia.com/terms/e/ema.asp",
    addendum = "(accessed: 2021-05-05)",
    keywords = "EMA, moving average"
}

@article{uppsala,
    author =       "{Andréasson, D., Mortensen Blomquist, J.}",
    title =        "Forecasting the OMXS30 – a comparison between ARIMA and LSTM",
    journal =      "Department of Statistics, Uppsala University",
    year = 2020,
    URL =          "https://www.diva-portal.org/smash/get/diva2:1443859/FULLTEXT01.pdf"
}





@book{Goodfellow-et-al-2016,
    title={Deep Learning},
    author={Ian Goodfellow and Yoshua Bengio and Aaron Courville},
    publisher={MIT Press},
    note={\url{http://www.deeplearningbook.org}},
    year={2016}
}